<record xmlns:xsi="http://www.w3.org/2001/XMLSchema-instance" xmlns="http://www.loc.gov/MARC21/slim" xsi:schemaLocation="http://www.loc.gov/MARC21/slim http://www.loc.gov/standards/marcxml/schema/MARC21slim.xsd">

  <leader>00502nam a2200169Ia 4500</leader>
  <datafield tag="999" ind1=" " ind2=" ">
    <subfield code="c">1107</subfield>
    <subfield code="d">1107</subfield>
  </datafield>
  <controlfield tag="008">180601b2004    cr ||||| |||| 00| | spa d</controlfield>
  <datafield ind2=" " ind1=" " tag="020">
    <subfield code="a">9977-947-99-6</subfield>
  </datafield>
  <datafield ind2=" " ind1=" " tag="090">
    <subfield code="a">14.02.03 </subfield>
    <subfield code="b">785</subfield>
  </datafield>
  <datafield ind2=" " tag="100" ind1="1">
    <subfield code="a">Burggraf, Jutta</subfield>
    <subfield code="9">3044</subfield>
  </datafield>
  <datafield ind2="1" ind1="1" tag="245">
    <subfield code="a">¿Qué quiere decir género? : en torno a un nuevo modo de hablar / </subfield>
    <subfield code="c">Jutta Burggraf</subfield>
  </datafield>
  <datafield tag="260" ind1=" " ind2=" ">
    <subfield code="a">San José, CR : </subfield>
    <subfield code="b">Promesa, </subfield>
    <subfield code="c">2004</subfield>
  </datafield>
  <datafield ind2=" " tag="300" ind1=" ">
    <subfield code="a">37 páginas</subfield>
  </datafield>
  <datafield ind2=" " ind1=" " tag="490">
    <subfield code="a">Antropología,</subfield>
    <subfield code="v">4</subfield>
  </datafield>
  <datafield tag="650" ind1="1" ind2="4">
    <subfield code="a">GÉNERO</subfield>
    <subfield code="9">69</subfield>
  </datafield>
  <datafield ind2="4" tag="650" ind1="1">
    <subfield code="a">IDEOLOGÍAS</subfield>
    <subfield code="9">1975</subfield>
  </datafield>
  <datafield ind2=" " tag="942" ind1=" ">
    <subfield code="2">z</subfield>
    <subfield code="c">01</subfield>
  </datafield>
</record>